/home/hutch/tex/mendeley.bib/MyAll.bib